%%%%%%%%%%%%%%%%%%%%%%%%%%%%%%%%%%%%%%
%%%%%%%%% INM430 REFERENCES %%%%%%%%%%
%%%%%%%%%%%%%%%%%%%%%%%%%%%%%%%%%%%%%%

 @misc{ wiki:IEC61508,
   author = "{Wikipedia contributors}",
   title = "IEC 61508",
   year = "2018",
   url = "https://en.wikipedia.org/wiki/IEC_61508",
   note = "[Online; accessed 02-December-2018]"
 }
 
  @misc{ Sikar:INM430,
   author = "{Sikar, D.}",
   title = "Determining signal processing strategies to eliminate Flame Detector analogue noise generated by GHz frequency interference",
   year = "2018",
   url = "https://smcse.city.ac.uk/student/aczd097/inm430.html",
   note = "[Online; accessed 23-December-2018]"
 }

@ARTICLE{Kane:1992,
  author = {{Kane} Kim, K. & {Lawrence}, T.F.},
  year = 1992, 
  title = {Adaptive fault-tolerance in complex real-time distributed computer system applications},
  volume = {15},
  number={4},  
  pages = {243-251}
}

@ARTICLE{Massoud:2005,
  author = {Massoud, M.},
  year = {2005}, 
  title = {Engineering thermofluids: thermodynamics, fluid mechanics, and heat transfer},
  publisher={Springer},  
  pages = {568}
}

@misc{Sikar:INM433,
  title = {INM433 individual coursework},
  howpublished = {\url{https://smcse.city.ac.uk/student/aczd097/INM433-coursework-data.html}},
  note = {Accessed: 2018-12-23}
}

 @Article{Savitzky:1964,
author={Savitzky, Abraham
and Golay, M. J. E.},
title={Smoothing and Differentiation of Data by Simplified Least Squares Procedures.},
journal={Analytical Chemistry},
year={1964},
month={Jul},
day={01},
publisher={American Chemical Society},
volume={36},
number={8},
pages={1627-1639},
issn={0003-2700},
doi={10.1021/ac60214a047},
url={https://doi.org/10.1021/ac60214a047}
}